@article{cohen2017fast,
  title={Fast and compact exact distance oracle for planar graphs},
  author={Cohen-Addad, Vincent and Dahlgaard, S{\o}ren and Wulff-Nilsen, Christian},
  journal={arXiv preprint arXiv:1702.03259},
  year={2017}
}

@inproceedings{chechik2012improved,
  title={Improved Distance Oracles and Spanners for Vertex-Labeled Graphs.},
  author={Chechik, Shiri},
  booktitle={ESA},
  volume={7501},
  pages={325--336},
  year={2012},
  organization={Springer}
}

@inproceedings{hermelin2011distance,
  title={Distance oracles for vertex-labeled graphs},
  author={Hermelin, Danny and Levy, Avivit and Weimann, Oren and Yuster, Raphael},
  booktitle={International Colloquium on Automata, Languages, and Programming},
  pages={490--501},
  year={2011},
  organization={Springer}
}

@article{thorup2004compact,
  title={Compact oracles for reachability and approximate distances in planar digraphs},
  author={Thorup, Mikkel},
  journal={Journal of the ACM (JACM)},
  volume={51},
  number={6},
  pages={993--1024},
  year={2004},
  publisher={ACM}
}

@article{gawrychowski2017better,
  title={Better Tradeoffs for Exact Distance Oracles in Planar Graphs},
  author={Gawrychowski, Pawe{\l} and Mozes, Shay and Weimann, Oren and Wulff-Nilsen, Christian},
  journal={arXiv preprint arXiv:1708.01386},
  year={2017}
}
